@article{pan2010survey,
  title={A survey on transfer learning},
  author={Pan, Sinno Jialin and Yang, Qiang},
  journal={IEEE Transactions on knowledge and data engineering},
  volume={22},
  number={10},
  pages={1345--1359},
  year={2010},
  publisher={IEEE},
  doi={10.1109/TKDE.2009.191},
  ISSN={1041-4347}, 
}

% use {} as in {IEEE} to make sure it does not get lower cased

@proceedings{he2016deep,
  title={Deep residual learning for image recognition},
  author={He, Kaiming and Zhang, Xiangyu and Ren, Shaoqing and Sun, Jian},
  booktitle={Proceedings of the {IEEE} Conference on Computer Vision and Pattern Recognition ({CVPR})},
  pages={770--778},
  organization={IEEE},
  doi={10.1109/CVPR.2016.90},
  ISSN={1063-6919},
  year={2016}
}

@techreport{WahCUB_200_2011,
	Title = {The Caltech-UCSD Birds-200-2011 Dataset},
	Author = {Wah, C. and Branson, S. and Welinder, P. and Perona, P. and Belongie, S.},
	Year = {2011},
	Institution = {California Institute of Technology},
	Number = {CNS-TR-2011-001}
}

@incollection{machinery1950computing,
  title={Computing machinery and intelligence},
  author={Turing, Alan M},
  booktitle={Parsing the Turing Test},
  pages={23--65},
  year={2009},
  publisher={Springer}
}

@incollection{machinery1950computing,
  title={Computing machinery and intelligence},
  author={Turing, Alan M},
  booktitle={Parsing the Turing Test},
  pages={23--65},
  year={2009},
  publisher={Springer}
}


@book{russell2003artificial,
  title      = {Artificial Intelligence: A Modern Approach},
  author     = {Russell, Stuart J. and Norvig, Peter},
  publisher  = {Prentice Hall},
  edition    = {2},
  year       = {2003},
  ISBN       = {0-13-790395-2}
}

@book{michael2005artificial,
  title      = {Artificial Intelligence: A Guide to Intelligent Systems},
  author     = {Michael Negnevitsky},
  publisher  = {Addison-Wesle},
  edition    = {2},
  year       = {2005},
  ISBN       = {0-321-20466-2}
}

@article{deng2012imagenet,
  title={{ImageNet} large scale visual recognition challenge},
  author={Russakovsky, Olga and Deng, Jia and Su, Hao and Krause, Jonathan and Satheesh, Sanjeev and Ma, Sean and Huang, Zhiheng and Karpathy, Andrej and Khosla, Aditya and Bernstein, Michael and others},
  journal={International Journal of Computer Vision (IJCV)},
  doi = {10.1007/s11263-015-0816-y},
  volume={115},
  number={3},
  pages={211--252},
  year={2015},
  publisher={Springer}
}

@article{duchi2011adaptive,
  title={Adaptive subgradient methods for online learning and stochastic optimization},
  author={Duchi, John and Hazan, Elad and Singer, Yoram},
  journal={Journal of Machine Learning Research},
  volume={12},
  number={Jul},
  pages={2121--2159},
  year={2011},
  issn = {1532-4435},
  url = {http://dl.acm.org/citation.cfm?id=1953048.2021068},
  acmid = {2021068},
}

@proceedings{he2015convolutional,
  title={Convolutional neural networks at constrained time cost},
  author={He, Kaiming and Sun, Jian},
  booktitle={Proceedings of the {IEEE} Conference on Computer Vision and Pattern Recognition ({CVPR})},
  organization={IEEE},
  doi={10.1109/CVPR.2015.7299173},
  ISSN={1063-6919}, 
  pages={5353--5360},
  year={2015}
}


@proceedings{bello2017neural,
  title = {Neural Optimizer Search with Reinforcement Learning},
  author = {Irwan Bello and Barret Zoph and Vijay Vasudevan and Quoc V. Le},
  booktitle = {Proceedings of the 34th International Conference on Machine Learning},
  pages = {459--468},
  year = {2017},
  editor = {Doina Precup and Yee Whye Teh},
  volume = {70},
  series = {Proceedings of Machine Learning Research},
  address = {International Convention Centre, Sydney, Australia},
  month = {06--11 Aug},
  publisher = {PMLR},
  url = {http://proceedings.mlr.press/v70/bello17a.html},
  archivePrefix={arXiv},
  eprint={1709.07417},
}

@article{iandola2016squeezenet,
  title={{SqueezeNet}: {AlexNet}-level accuracy with 50x fewer parameters and< 0.5 MB model size},
  author={Iandola, Forrest N and Han, Song and Moskewicz, Matthew W and Ashraf, Khalid and Dally, William J and Keutzer, Kurt},
  journal={arXiv preprint},
  year={2016},
  archivePrefix={arXiv},
  eprint={1602.07360},
  url={http://arxiv.org/abs/1602.07360},  
}

